@inproceedings{madaan2021loan,
  title={Loan default prediction using decision trees and random forest: A comparative study},
  author={Madaan, Mehul and Kumar, Aniket and Keshri, Chirag and Jain, Rachna and Nagrath, Preeti},
  booktitle={IOP Conference Series: Materials Science and Engineering},
  volume={1022},
  number={1},
  pages={012042},
  year={2021},
  organization={IOP Publishing}
}

@article{alonso2021understanding,
  title={Understanding the performance of machine learning models to predict credit default: a novel approach for supervisory evaluation},
  author={Alonso, Andr{\'e}s and Carbo, Jose Manuel},
  year={2021},
  publisher={Banco de Espana Working Paper}
}

@article{cocser2019predictive,
  title={PREDICTIVE MODELS FOR LOAN DEFAULT RISK ASSESSMENT.},
  author={Co{\c{s}}er, Alexandru and Maer-matei, Monica Mihaela and Albu, Cri{\c{s}}an},
  journal={Economic Computation \& Economic Cybernetics Studies \& Research},
  volume={53},
  number={2},
  year={2019}
}

@techreport{chakrabarti2017more,
  title={Who Is More Likely to Default on Student Loans?},
  author={Chakrabarti, Rajashri and Gorton, Nicole and Jiang, Michelle and Van der Klaauw, Wilbert and others},
  year={2017},
  institution={Federal Reserve Bank of New York}
}

@misc{hornsby_2024,
    title = {Top 10 Jobs with Most Student Debt Regret},
    author = {Hornsby, Travis},
    year = {2024},
    howpublished = {\url{https://www.studentloanplanner.com/top-jobs-career-regret-student-debt/}}
}

@misc{home-credit-default-risk,
    author = {Anna Montoya, inversion, KirillOdintsov, Martin Kotek},
    title = {Home Credit Default Risk},
    publisher = {Kaggle},
    year = {2018},
    howpublished = {https://kaggle.com/competitions/home-credit-default-risk}
}